@book{godske1957dynamic,
  title={Dynamic meteorology and weather forecasting},
  author={Godske, Carl Ludvig and Bjerknes, Vilhelm},
  volume={605},
  year={1957},
  publisher={American Meteorological Society},
  doi={10.1002/qj.49708335818},
  url={ https://doi.org/10.1002/qj.49708335818}
}
@book{bjerknes1910dynamic,
  title={Dynamic meteorology and hydrography},
  author={Bjerknes, Vilhelm and Sandström, Johan W. and Devik, Olaf D.},
  number={88},
  year={1910},
  publisher={Carnegie}
}


@book{dongarra1979linpack,
  title={LINPACK users' guide},
  author={Dongarra, Jack J. and Moler, Cleve Barry and Bunch, James R. and Stewart, Gilbert W.},
  year={1979},
  publisher={SIAM},
  isbn={978-0-89871-172-1},
  doi={10.1137/1.9781611971811},
  url={https://doi.org/10.1137/1.9781611971811}
}

@book{fortran1991standard,
  title={Fortran 90 ISO/IEC 1539 : 1991},
  author={American National Standard Programming},
  year={1991},
  publisher={Carnegie}
}


 @online{ gnu2019conversion,
  author = {GNU},
  year={2019},
  title = "Implicit conversion between logical and integer",
  url={https://gnu.huihoo.org/gcc/gcc-4.0.4/gfortran/Implicitly-interconvert-LOGICAL-and-INTEGER.html},
  month={Jul.},
  lastaccessed={July 30, 2019}
  }

% Info on spatial resolution 
 @online{ ucar2018spatial,
  author = {Warren Washington},
  year={2019},
  title = "Climate modelling spatial resolution",
  url={https://scied.ucar.edu/longcontent/climate-modeling},
  month={Mar.},
  lastaccessed={March 23, 2019}
  }

@online{ xeon2680v4,
	author={Intel Corporation},
	year={2019},
	title={Intel Xeon Processor E5-2680 v4 product specification},
	url={https://ark.intel.com/content/www/us/en/ark/products/91754/intel-xeon-processor-e5-2680-v4-35m-cache-2-40-ghz.html},
	month={Jan.},
	lastaccessed={April 22, 2019}
}
% Info on spatial resolution 
 @online{top500,
  author = {The Top 500 Project},
  year={2018},
  title = {November 2018 - The 52nd edition of the TOP500 list},
  url={https://www.top500.org/lists/2018/11/},
  month={Nov.},
  lastaccessed={April 22, 2019}
  }

% Isca Github Repo
 @online{isca2019github,
  author = {Execlim},
  year={2018},
  title = {Isca: Idealized GCM from the University of Exeter },
  url={https://github.com/ExeClim/Isca},
  month={Dec.},
  lastaccessed={April 22, 2019}
  }

% Arm processor brief
@techreport{chris2011avx,
    author={Chris Lomont},
    title={Introduction to Intel Advanced Vector Extensions}, year={2011},
    source={https://software.intel.com/sites/default/files/m/d/4/1/d/8/Intro_to_Intel_AVX.pdf},
    publisher={Intel},
    address={Santa Clara, CA, USA}
}

@techreport{behling2001power4,
  title={The POWER4 processor introduction and tuning guide},
  author={Behling, Steve and Bell, Ron and Farrell, Peter and Holthoff, Holger and O’Connell, Frank and Weir, Will},
  publisher={IBM redbooks},
  year={2001},
  address={Armonk, NY, USA}
}


@techreport{bergman2008exascale,
  title={Exascale computing study: Technology challenges in achieving exascale systems},
  author={Bergman, Keren and Borkar, Shekhar and Campbell, Dan and Carlson, William and Dally, William and Denneau, Monty and Franzon, Paul and Harrod, William and Hill, Kerry and Hiller, Jon and others},
  publisher={Defense Advanced Research Projects Agency Information Processing Techniques Office},
  volume={15},
  year={2008},
  source={http://citeseerx.ist.psu.edu/viewdoc/summary?doi=10.1.1.53.8824},
  address={Arlington, VA, USA}
}

% Arm blade server brief
@techreport{thunderserver2018brief,
     author={Cavium},
     title={CN99XX Chassis Development Kit (CDK) Product Brief}, year={2018},
     source={https://www.marvell.com/documents/839obcddz6y6p8f40gl1/},
     publisher={Cavium},
     address={San Jose, CA, USA}
}

% Arm processor brief
@techreport{thunderprocessor2018brief,
    author={Cavium},
    title={ThunderX2 CN99XX Product Brief}, year={2018},
    source={https://www.marvell.com/documents/cmvd78bk8mesogdusz6t/},
    publisher={Cavium},
    address={San Jose, CA, USA}
}

% Flexible modelling system
@techreport{balaji2002fms,
	author={Balaji, Venkatramani},
  	title={The FMS Manual: A developer's guide to the GFDL Flexible Modeling System}, year={2002},
  	source={https://www.gfdl.noaa.gov/wp-content/uploads/files/tools_and_data/fms/fmsmanual.pdf},
  	publisher={Geophysical Fluid Dynamics Laboratory},
  	address={Princeton, NJ, USA}
}

% Isambard white paper
@techreport{arm2018white,
     title = {Case study: GW4 Alliance puts Arm architecture to the test for HPC},
     author = {Arm Holdings},
     year = {2018},
     source={https://developer.arm.com/solutions/hpc/resources/hpc-white-papers/gw4-alliance-puts-arm-architecture-to-the-test-for-hpc},
     publisher={Arm Holdings},
     address={Cambridge, United Kingdom},
}

@techreport{asanovic2006landscape,
    Author = {Asanović, Krste and Bodik, Ras and Catanzaro, Bryan Christopher and Gebis, Joseph James and Husbands, Parry and Keutzer, Kurt and Patterson, David A. and Plishker, William Lester and Shalf, John and Williams, Samuel Webb and Yelick, Katherine A.},
    Title = {The Landscape of Parallel Computing Research: A View from Berkeley},
    Institution = {EECS Department, University of California},
    address={Berkley CA, USA},
    Year = {2006},
    Month = {Dec},
    source = {http://www2.eecs.berkeley.edu/Pubs/TechRpts/2006/EECS-2006-183.html},
    Number = {UCB/EECS-2006-183}
 }

@techreport{intel2019avx,
    Author = {Intel Corporation},
    Title = { Intel Architecture Instruction Set Extensions and Future Features Programming Reference},
    Year = {2019},
    Month = {Apr.},
    source = {https://software.intel.com/sites/default/files/managed/c5/15/architecture-instruction-set-extensions-programming-reference.pdf},
    address={Santa Clara, CA, USA}
 }




% ICCMp1
@article{farneti2009intermediate,
  title={An Intermediate Complexity Climate Model (ICCMp1) based on the GFDL flexible modelling system},
  author={Farneti, Riccardo and Vallis, Geoffrey K.},
  journal={Geoscientific Model Development},
  volume={2},
  number={2},
  pages={73--88},
  numpages={15},
  year={2009},
  month={Jul.},
  publisher={Copernicus GmbH},
  url={https://doi.org/10.5194/gmd-2-73-2009},
  doi={10.5194/gmd-2-73-2009}
}

% CM3 model
@article{donner2011dynamical,
  title={The dynamical core, physical parameterizations, and basic simulation characteristics of the atmospheric component AM3 of the GFDL global coupled model CM3},
  author={Donner, Leo J. and Wyman, Bruce L. and Hemler, Richard S. and Horowitz, Larry W. and Ming, Yi and Zhao, Ming and Golaz, Jean-Christophe and Ginoux, Paul and Lin, S-J and Schwarzkopf, M Daniel and others},
  journal={Journal of Climate},
  volume={24},
  number={13},
  pages={3484--3519},
  numpages={35},
  year={2011},
  month={Jul.},
  publisher={American Meteorological Society},
  url={https://doi.org/10.1175/2011JCLI3955.1},
  doi={10.1175/2011JCLI3955.1},
}


% Isambard performance analysis
% todo
@article{mcintosh2018performance,
  title={A performance analysis of the first generation of HPC-optimized Arm processors},
  author={McIntosh-Smith, Simon and Price, James and Deakin, Tom and Poenaru, Andrei},
  journal={Concurrency and Computation: Practice and Experience},
  pages={e5110},
  year={2018},
  month={May.},
  publisher={Wiley Online Library},
  url={https://doi.org/10.1002/cpe.5110},
  doi={10.1002/cpe.5110}
}


% Moores Law
@article{moore1965cramming,
  title={Cramming more components onto integrated circuits},
  author={Moore, Gordon E. and others},
  year={1965},
  journal={Electronics},
  volume={38},
  number={8},
  publisher={McGraw-Hill},
  month={Apr.},
  address={New York, NY, USA},
  pages={33--35},
  numpages={3},
  url={https://ieeexplore.ieee.org/document/4785860},
}

% Roofline Model
@article{williams2009roofline,
  title={Roofline: An insightful visual performance model for floating-point programs and multicore architectures},
  volume={52},
  number={4},
  pages={65--76},
  numpages={11},
  author={Williams, Samuel and Waterman, Andrew and Patterson, David},
  journal={Communications of the ACM - A Direct Path to Dependable Software},
  year={2009},
  month={Apr.},
  address={New York NY, USA},
  url={https://doi.org/10.1145/1498765.1498785},
  doi={10.1145/1498765.1498785}
}

% FFTW
@article{FFTW05,
  author={Frigo, Matteo and Johnson, Steven G.},
  title={The Design and Implementation of FFTW3},
  journal={Proceedings of the IEEE},
  year= {2005},
  volume={93},
  number={2},
  pages={216--231},
  numpages={15},
  month={Feb.},
  note={Special issue on ``Program Generation, Optimization, and Platform Adaptation''},
  url={https://doi.org/10.1109/JPROC.2004.840301}
}

% Isca technical paper
@article{vallis2018isca,
	author = {Vallis, Geoffrey K and Colyer, Greg and Geen, Ruth and Gerber, Edwin and Jucker, Martin and Maher, Penelope and Paterson, Alexander and Pietschnig, Marianne and Penn, James and Thomson, Stephen I},
	title = {Isca, v1.0: a framework for the global modelling of the atmospheres of Earth and other planets at varying levels of complexity},
	journal = {Geoscientific Model Development},
	volume = {11},
	year = {2018},
	number = {3},
	pages = {843--859},
	url = {https://doi.org/10.5194/gmd-11-843-2018},
	doi = {10.5194/gmd-11-843-2018},
  month={Oct.}
}

@article{fuhrer2018near,
  title={Near-global climate simulation at 1 km resolution: establishing a performance baseline on 4888 GPUs with COSMO 5.0},
  author={Fuhrer, Oliver and Chadha, Tarun and Hoefler, Torsten and Kwasniewski, Grzegorz and Lapillonne, Xavier and Leutwyler, David and L{\"u}thi, Daniel and Osuna, Carlos and Sch{\"a}r, Christoph and Schulthess, Thomas C and others},
  journal={Geoscientific Model Development},
  volume={11},
  number={4},
  pages={1665--1681},
  year={2018},
  publisher={Copernicus GmbH},
  url={https://doi.org/10.5194/gmd-11-1665-2018},
  doi={10.5194/gmd-11-1665-2018},
  month={May}
}


% optimisation of the unified model
% todo doi
@article{sivalingam2015performance,
  author={Sivalingam, Karthee and Lister, Grenville and Lawrence, Bryan},
  title={Performance analysis and Optimisation of the Met Unified Model on a Cray XC30},
  year={2015},
  Eprint={arXiv:1511.03885},
  url={http://arxiv.org/abs/1511.03885},
  month={Nov.}
}

% Very high resolutions
% todo - get first names
@article{jung2012high,
  title={High-resolution global climate simulations with the ECMWF model in Project Athena: Experimental design, model climate, and seasonal forecast skill},
  author={Jung, Thomas and Miller, MJ and Palmer, TN and Towers, P and Wedi, N and Achuthavarier, D and Adams, JM and Altshuler, EL and Cash, BA and Kinter Iii, JL and others},
  journal={Journal of Climate},
  volume={25},
  number={9},
  pages={3155--3172},
  numpages={17},
  year={2012},
  url={https://doi.org/10.1175/JCLI-D-11-00265.1},
  doi={10.1175/JCLI-D-11-00265.1},
  month={May}
}

@article{adams2018lfric,
  title={LFRic: Meeting the challenges of scalability and performance portability in Weather and Climate models},
  author={V. Adams, A and Ford, Rupert and Hambley, M and M. Hobson, J and Kavcic, Iva and M. Maynard, C and Melvin, Thomas and H Mueller, E and Mullerworth, S and Porter, Andrew and Rezny, Michael and J. Shipway, B and Wong, R},
  year={2018},
  Eprint = {arXiv:1809.07267},
  url={https://arxiv.org/abs/1809.07267},
  month={Sep.}
}


% FMS and MOM-4
@article{schmidt2007benchmark,
  title={A benchmark for the parallel code used in FMS and MOM-4},
  author={Schmidt, Martin},
  journal={Ocean Modelling},
  volume={17},
  number={1},
  pages={49--67},
  numpages={8},
  year={2007},
  publisher={Elsevier},
  doi={10.1016/j.ocemod.2006.11.002},
  url={https://doi.org/10.1016/j.ocemod.2006.11.002},
  month={Dec.}
}

@article{dongarra2016high,
  title={High-performance conjugate-gradient benchmark: A new metric for ranking high-performance computing systems},
  author={Dongarra, Jack and Heroux, Michael A. and Luszczek, Piotr},
  journal={The International Journal of High Performance Computing Applications},
  volume={30},
  number={1},
  pages={3--10},
  year={2016},
  publisher={SAGE Publications Sage UK},
  address={London, United Kingdom},
  doi={10.1177/1094342015593158},
  url={https://doi.org/10.1177/1094342015593158},
  month={Aug.}
}

@article{mccalpin1995memory,
  title={Memory bandwidth and machine balance in current high performance computers},
  author={McCalpin, John D. and others},
  journal={IEEE computer society technical committee on computer architecture (TCCA) newsletter},
  volume={2},
  number={19--25},
  year={1995},
  month={Dec.}
}

@article{kelly2010gpu,
  title={Gpu computing for atmospheric modeling},
  author={Kelly, Rory},
  journal={Computing in Science \& Engineering},
  volume={12},
  number={4},
  pages={26--33},
  numpages={7},
  year={2010},
  publisher={IEEE Computer Society},
  doi={10.1109/MCSE.2010.26},
  url={https://doi.org/10.1109/MCSE.2010.26},
  month={Feb.}
}

@article{boville1991sensitivity,
  title={Sensitivity of simulated climate to model resolution},
  author={Boville, Byron A},
  journal={Journal of Climate},
  volume={4},
  number={5},
  pages={469--485},
  year={1991},
  month={May.},
  doi={10.1175/1520-0442(1991)004<0469:SOSCTM>2.0.CO;2},
  url={https://doi.org/10.1175/1520-0442(1991)004<0469:SOSCTM>2.0.CO;2}
}


@article{patterson1997case,
  title={A case for intelligent RAM},
  author={Patterson, David and Anderson, Thomas and Cardwell, Neal and Fromm, Richard and Keeton, Kimberly and Kozyrakis, Christoforos and Thomas, Randi and Yelick, Katherine},
  journal={IEEE micro},
  volume={17},
  number={2},
  pages={34--44},
  numpages={3},
  year={1997},
  publisher={IEEE},
  month={Apr.},
  doi={10.1109/40.592312},
  url={https://doi.org/10.1109/40.592312}
}

% history of climate models
@article{edwards2011history,
  title={History of climate modeling},
  author={Edwards, Paul N.},
  journal={Wiley Interdisciplinary Reviews: Climate Change},
  volume={2},
  number={1},
  pages={128--139},
  year={2011},
  publisher={Wiley Online Library},
  doi={10.1002/wcc.95},
  month={Dec.},
  url={https://doi.org/10.1002/wcc.95},
  doi={10.1002/wcc.95}
}

@article{delworth2012simulated,
  title={Simulated climate and climate change in the GFDL CM2. 5 high-resolution coupled climate model},
  author={Delworth, Thomas L and Rosati, Anthony and Anderson, Whit and Adcroft, Alistair J and Balaji, Venkatramani and Benson, Rusty and Dixon, Keith and Griffies, Stephen M and Lee, Hyun-Chul and Pacanowski, Ronald C. and others},
  journal={Journal of Climate},
  volume={25},
  number={8},
  pages={2755--2781},
  year={2012},
  url={https://doi.org/10.1175/JCLI-D-11-00316.1},
  doi={10.1175/JCLI-D-11-00316.1},
  month={Apr.}
}

@article{roeckner2006sensitivity,
  title={Sensitivity of simulated climate to horizontal and vertical resolution in the ECHAM5 atmosphere model},
  author={Roeckner, E. and Brokopf, R. and Esch, M. and Giorgetta, MA. and Hagemann, S. and Kornblueh, L and Manzini, E. and Schlese, U. and Schulzweida, U.},
  journal={Journal of Climate},
  volume={19},
  number={16},
  pages={3771--3791},
  year={2006},
  month={Aug.},
  doi={10.1175/JCLI3824.1},
  url={https://doi.org/10.1175/JCLI3824.1}
}


% Arm scalable vector extension
@article{stephens2017arm,
  title={The ARM scalable vector extension},
  author={Stephens, Nigel and Biles, Stuart and Boettcher, Matthias and Eapen, Jacob and Eyole, Mbou and Gabrielli, Giacomo and Horsnell, Matt and Magklis, Grigorios and Martinez, Alejandro and Premillieu, Nathanael and others},
  journal={IEEE Micro},
  volume={37},
  number={2},
  pages={26--39},
  year={2017},
  publisher={IEEE},
  url={https://doi.org/10.1109/MM.2017.35},
  doi={10.1109/MM.2017.35},
  month={Apr.}

}

@article{thain2005distributed,
  title={Distributed computing in practice: the Condor experience},
  author={Thain, Douglas and Tannenbaum, Todd and Livny, Miron},
  journal={Concurrency and computation: practice and experience},
  volume={17},
  number={2-4},
  pages={323--356},
  year={2005},
  publisher={Wiley Online Library},
  url={https://doi.org/10.1002/cpe.938},
  doi={10.1002/cpe.938},
  month={Feb.}
}

@article{kindratenko2011trends,
  title={Trends in high-performance computing},
  author={Kindratenko, Volodymyr and Trancoso, Pedro},
  journal={Computing in Science \& Engineering},
  volume={13},
  number={3},
  pages={92},
  year={2011},
  publisher={IEEE Computer Society},
  url={https://doi.org/10.1109/MCSE.2011.52},
  doi={10.1109/MCSE.2011.52},
  month={Apr.}
}



@article{pennycook2017implications,
  title={Implications of a metric for performance portability},
  author={Pennycook, John and Sewall, Jason and Lee, Victor},
  journal={Future Generation Computer Systems},
  year={2017},
  volume={92},
  pages={947--958},
  publisher={Elsevier},
  doi={j.future.2017.08.007},
  url={https://doi.org/10.1016/j.future.2017.08.007},
  month={Mar.}
}


%% here
% first names
@inproceedings{ford2013gung,
  title={Gung Ho: A code design for weather and climate prediction on exascale machines},
  author={Ford, R and Glover, MJ and Ham, DA and Maynard, CM and Pickles, SM and Riley, GD and Wood, N},
  booktitle={Exascale Applications and Software Conference},
  volume={911},
  year={2013},
  location={Edinburgh, Scotland},
  month={Apr.}
}


@inproceedings{becker1995beowulf,
  title={BEOWULF: A parallel workstation for scientific computation},
  author={Becker, Donald J. and Sterling, Thomas and Savarese, Daniel and Dorband, John E. and Ranawak, Udaya A. and Packer, Charles V.},
  booktitle={Proceedings, International Conference on Parallel Processing},
  volume={95},
  pages={11--14},
  year={1995}
}

% maybe find doi
@inproceedings{beowulf14reed,
title={Beowulf Clusters: From Research Curiosity to Exascale},
author={Reed, Daniel A.},
year={2015},
booktitle={Proceedings of the 20 Years of Beowulf Workshop on Honor of Thomas Sterling's 65th Birthday},
pages={28--33},
numpages={6},
month={Oct.},
doi={10.1145/2737909.2737913},
url={https://doi.org/10.1145/2737909.2737913},
location={Annapolis MD, USA},
}

@inproceedings{amdahl1967validity,
  title={Validity of the single processor approach to achieving large scale computing capabilities},
  author={Amdahl, Gene M.},
  booktitle={Proceedings of the April 18-20, 1967, spring joint computer conference},
  pages={483--485},
  year={1967},
  organization={ACM},
  month={Apr.},
  doi={10.1145/1465482.1465560},
  url={https://doi.org/10.1145/1465482.1465560}
}


% ARM HPC ecosystem
@inproceedings{rico2017arm,
  title={ARM HPC Ecosystem and the Reemergence of Vectors},
  author={Rico, Alejandro and Joao, Jos{\'e} A. and Adeniyi-Jones, Chris and Van Hensbergen, Eric},
  booktitle={Proceedings of the Computing Frontiers Conference},
  pages={329--334},
  numpages={5},
  year={2017},
  organization={ACM},
  url={https::/doi.org/10.1145/3075564.3095086},
  doi={10.1145/3075564.3095086},
  location={Sienna, Italy},
  month={May.},
  publisher={ACM},
  address={New York NY, USA}
}


@inproceedings{6877473,
 author = {Rajovic, Nikola and Carpenter, Paul M. and Gelado, Isaac and Puzovic, Nikola and Ramirez, Alex and Valero, Mateo},
 title = {Supercomputing with Commodity CPUs: Are Mobile SoCs Ready for HPC?},
 booktitle = {Proceedings of the International Conference on High Performance Computing, Networking, Storage and Analysis},
 series = {SC '13},
 year = {2013},
 isbn = {978-1-4503-2378-9},
 location = {Denver, Colorado},
 pages = {41--53},
 articleno = {40},
 numpages = {12},
 url = {http://doi.acm.org/10.1145/2503210.2503281},
 doi = {10.1145/2503210.2503281},
 acmid = {2503281},
 publisher = {ACM},
 address = {New York, NY, USA},
 month={Nov.}
}

@inproceedings{mcintosh2014performance,
  title={On the performance portability of structured grid codes on many-core computer architectures},
  author={McIntosh-Smith, Simon and Boulton, Michael and Curran, Dan and Price, James},
  booktitle={International Supercomputing Conference},
  pages={53--75},
  year={2014},
  organization={Springer},
  month={Jun.},
  location={Leipzig ,Germany},
  url={https://doi.org/10.1007/978-3-319-07518-1_4},
  doi={10.1007/978-3-319-07518-1_4}
}

@inproceedings{colella2007performance,
  title={Performance and scaling of locally-structured grid methods for partial differential equations},
  author={Colella, Phillip and Bell, John and Keen, Noel and Ligocki, Terry and Lijewski, Michael and Van Straalen, Brian},
  booktitle={Journal of Physics: Conference Series},
  volume={78},
  number={1},
  pages={012013},
  year={2007},
  organization={IOP Publishing},
  doi={10.1088/1742-6596/78/1/012013},
  url={https://doi.org/10.1088/1742-6596/78/1/012013},
  month={Jun.}
}


@inproceedings{conte2000long,
  title={The long and winding road to high-performance image processing with MMX/SSE},
  author={Conte, Gianni and Tommesani, Stefano and Zanichelli, Francesco},
  booktitle={Proceedings Fifth IEEE International Workshop on Computer Architectures for Machine Perception},
  pages={302--310},
  year={2000},
  month={Sept.},
  doi={10.1109/CAMP.2000.875989},
  organization={IEEE},
  url={https://doi.org/10.1109/CAMP.2000.875989}
}

@inproceedings{foster1994load,
  title={Load-balancing algorithms for climate models},
  author={Foster, Ian T. and Toonen, Brian R.},
  booktitle={Proceedings of IEEE Scalable High Performance Computing Conference},
  pages={674--681},
  year={1994},
  organization={IEEE},
  doi={10.1109/SHPCC.1994.296706},
  url={https://doi.org/10.1109/SHPCC.1994.296706},
  month={Jul.}
}

@inproceedings{calore2018advanced,
  title={Advanced performance analysis of HPC workloads on Cavium ThunderX},
  author={Calore, Enrico and Mantovani, Filippo and Ruiz, Daniel},
  booktitle={2018 International Conference on High Performance Computing \& Simulation (HPCS)},
  pages={375--382},
  year={2018},
  organization={IEEE},
  doi={10.1109/HPCS.2018.00068},
  url={https:doi.org/10.1109/HPCS.2018.00068},
  month={Jul.}
}

@inproceedings{Rajovic:2016:MPA:3014904.3014955,
 author = {Rajovic, Nikola and Rico, Alejandro and Mantovani, Filippo and Ruiz, Daniel and Vilarrubi, Josep Oriol and Gomez, Constantino and Backes, Luna and Nieto, Diego and Servat, Harald and Martorell, Xavier and Labarta, Jesus and Ayguade, Eduard and Adeniyi-Jones, Chris and Derradji, Said and Gloaguen, Herve and Lanucara, Piero and Sanna, Nico and Mehaut, Jean-Francois and Pouget, Kevin and Videau, Brice and Boyer, Eric and Allalen, Momme and Auweter, Axel and Brayford, David and Tafani, Daniele and Weinberg, Volker and Br\"{o}mmel, Dirk and Halver, Ren{\'e} and Meinke, Jan H. and Beivide, Ramon and Benito, Mariano and Vallejo, Enrique and Valero, Mateo and Ramirez, Alex},
 title = {The Mont-blanc Prototype: An Alternative Approach for HPC Systems},
 booktitle = {Proceedings of the International Conference for High Performance Computing, Networking, Storage and Analysis},
 series = {SC '16},
 year = {2016},
 isbn = {978-1-4673-8815-3},
 location = {Salt Lake City, Utah},
 pages = {38--50},
 articleno = {38},
 numpages = {12},
 url = {http://dl.acm.org/citation.cfm?id=3014904.3014955},
 acmid = {3014955},
 publisher = {IEEE Press},
 address = {Piscataway, NJ, USA},
} 



@article{frigo2005design,
  title={The design and implementation of FFTW3},
  author={Frigo, Matteo and Johnson, Steven G},
  journal={Proceedings of the IEEE},
  volume={93},
  number={2},
  pages={216--231},
  year={2005},
  publisher={IEEE}
}

@article{frigo2003fftw,
  title={FFTW for version 3.3.8},
  author={Frigo, Matteo and Johnson, Steven G and others},
  year={2018},
  month={May},
  publisher={Massachusetts Institute of Technology}
}

@article{penn2017thermal,
  title={The thermal phase curve offset on tidally and nontidally locked exoplanets: A shallow water model},
  author={Penn, James and Vallis, Geoffrey K},
  journal={The Astrophysical Journal},
  volume={842},
  number={2},
  pages={101},
  year={2017},
  publisher={IOP Publishing}
}

@article{thomson2018atmospheric,
  title={Atmospheric response to SST anomalies. Part I: Background-state dependence, teleconnections, and local effects in winter},
  author={Thomson, Stephen I and Vallis, Geoffrey K},
  journal={Journal of the Atmospheric Sciences},
  volume={75},
  number={12},
  pages={4107--4124},
  year={2018}
}

@article{geen2018regime,
  title={Regime change behavior during Asian monsoon onset},
  author={Geen, Ruth and Lambert, FH and Vallis, GK},
  journal={Journal of Climate},
  volume={31},
  number={8},
  pages={3327--3348},
  year={2018}
}

@online{ bart1998coordinate,
  author = {Geerts, Bart},
  year={1998},
  title = {Coordinate systems of numerical weather prediction models},
  url={http://www-das.uwyo.edu/~geerts/cwx/notes/chap15/coord.html},
  month={Apr.},
  lastaccessed={August 11, 2019}
  }
  
@online{ stream2019github,
  author = {Hammond, Jeff},
  year={2019},
  title = {STREAM memory-bandwidth benchmark},
  url={  https://github.com/jeffhammond/STREAM},
  month={Jul.},
  lastaccessed={August 11, 2019}
  }
  
  @article{cooley1965algorithm,
  title={An algorithm for the machine calculation of complex Fourier series},
  author={Cooley, James W and Tukey, John W},
  journal={Mathematics of computation},
  volume={19},
  number={90},
  pages={297--301},
  year={1965},
  publisher={JSTOR}
}
@article{heideman1985gauss,
  title={Gauss and the history of the fast Fourier transform},
  author={Heideman, Michael T and Johnson, Don H and Burrus, C Sidney},
  journal={Archive for history of exact sciences},
  volume={34},
  number={3},
  pages={265--277},
  year={1985},
  publisher={Springer}
}

@article{dongarra2008linpack,
author = {Petitet, Antoine and C. Whaley, R and Dongarra, Jack and Cleary, A},
year = {2008},
month = {Jan.},
title = {HPL – a Portable Implementation of the High-Performance Linpack Benchmark for Distributed-Memory Computers}
}
  
  
@article{held1994proposal,
  title={A proposal for the intercomparison of the dynamical cores of atmospheric general circulation models},
  author={Held, Isaac M and Suarez, Max J},
  journal={Bulletin of the american Meteorological society},
  volume={75},
  number={10},
  pages={1825--1830},
  year={1994},
  publisher={American Meteorological Society}
}

@online{ gfdl2019fms,
  author = {GFDL},
  year={2019},
  title = {STREAM memory-bandwidth benchmark},
  url={https://www.gfdl.noaa.gov/fms/},
  month={Jul.},
  lastaccessed={August 11, 2019}
  }









